@article{fattore2018,
  title={A reduced posetic approach to the measurement of multidimensional ordinal deprivation},
  author={Fattore, Marco and Arcagni, Alberto},
  journal={Social Indicators Research},
  volume={136},
  number={3},
  pages={1053--1070},
  year={2018},
  publisher={Springer}
}

@article{brightwell1991,
  title={Counting linear extensions},
  author={Brightwell, Graham and Winkler, Peter},
  journal={Order},
  volume={8},
  number={3},
  pages={225--242},
  year={1991},
  publisher={Springer}
}

@article{habib2001efficient,
  title={Efficient algorithms on distributive lattices},
  author={Habib, Michel and Medina, Raoul and Nourine, Lhouari and Steiner, George},
  journal={Discrete Applied Mathematics},
  volume={110},
  number={2-3},
  pages={169--187},
  year={2001},
  publisher={Elsevier}
}

@article{bubley,
  title={Faster random generation of linear extensions},
  author={Bubley, Russ and Dyer, Martin},
  journal={Discrete mathematics},
  volume={201},
  number={1-3},
  pages={81--88},
  year={1999},
  publisher={Elsevier}
}

@misc{web:lang:stats,
  author = {World-Bank},
  title = {World Bank - World Development Indicators: Health Systems},
  year = {2016},
  url = {http://wdi.worldbank.org/table/2.12#}
}